<?xml version="1.0" encoding="UTF-8"?><collection xmlns="http://www.loc.gov/MARC21/slim"><record><leader>00609nam--2200193-i-4500</leader><controlfield tag="001">000030229</controlfield><controlfield tag="002">20161230</controlfield><controlfield tag="005">20161230201038</controlfield><controlfield tag="008">060222s1000------------r-----000-0-eng-d</controlfield><datafield ind1=" " ind2=" " tag="040"><subfield code="a">IFIN-HH</subfield></datafield><datafield ind1=" " ind2=" " tag="080"><subfield code="a">539.2:539.19</subfield></datafield><datafield ind1="1" ind2=" " tag="100"><subfield code="a">Drauglis, Edmund</subfield></datafield><datafield ind1="1" ind2="0" tag="245"><subfield code="a">Molecular processes on solid surfaces</subfield><subfield code="c">Edmund drauglis, roland d. gretz, robert i. jaffee (eds.)</subfield></datafield><datafield ind1=" " ind2=" " tag="260"><subfield code="a">New York</subfield><subfield code="b">Mcgraw-hill Book Company</subfield><subfield code="c">1969</subfield></datafield><datafield ind1=" " ind2=" " tag="300"><subfield code="a">XVII + 651P</subfield></datafield><datafield ind1=" " ind2=" " tag="490"><subfield code="a">Mcgraw-hill Series In Materials Science And Engineering</subfield></datafield><datafield ind1="1" ind2=" " tag="700"><subfield code="a">Jaffee, Robert I</subfield><subfield code="e">Ed</subfield></datafield><datafield ind1=" " ind2=" " tag="852"><subfield code="a">34593</subfield><subfield code="c">539.2</subfield></datafield><datafield ind1=" " ind2=" " tag="CAT"><subfield code="a">Sys</subfield><subfield code="c">20121018</subfield><subfield code="h">170534</subfield></datafield></record></collection>